% File: referecens.bib
% Date: 2024-03-15
% Description: Bibliographic references for ExaMA WP1 - Vegetation Project

@article{Verdie15,
  author  = {{Yannick Verdie, Florent Lafarge, Pierre Alliez}},
  title   = {{LOD Generation for Urban Scenes}},
  journal = {ACM Transactions on Graphics},
  volume  = {34},
  number  = {3},
  pages   = {15},
  year    = {2015},
  doi     = {10.1145/2766946},
  note    = {hal-01113078}
}

@article{Verdie14,
  author  = {{Yannick Verdie, Florent Lafarge}},
  title   = {{Detecting parametric objects in large scenes by Monte Carlo sampling}},
  journal = {International Journal of Computer Vision},
  volume  = {106},
  number  = {1},
  pages   = {57--75},
  year    = {2014},
  doi     = {10.1007/s11263-013-0641-0},
  note    = {hal-00843022, HAL Id: hal-00843022, Submitted on 10 Jul 2013}
}

@article{Stava14,
  author  = {{O. Stava, S. Pirk, J. Kratt, B. Chen, R. Me\v{c}h, O. Deussen, B. Benes}},
  title   = {{Inverse Procedural Modeling of Trees}},
  journal = {Preprint},
  year    = {2014},
  note    = {Adobe Systems Inc., USA; University of Konstanz, Germany; Shenzhen Institute of Advanced Technology, China; Purdue University, USA}
}

@misc{Benes,
  author       = {Bedrich Benes},
  title        = {Computational Vegetation},
  howpublished = {\url{https://cs.purdue.edu/homes/bbenes/vegetation/}}
}

@misc{cgal,
  author       = {{CGAL Development Team}},
  title        = {{CGAL User and Reference Manual}},
  howpublished = {\url{https://doc.cgal.org/latest/Manual/index.html}}
}

@misc{feel++,
  author       = {{Feel++ Consortium}},
  title        = {{Feel++}},
  howpublished = {\url{https://docs.feelpp.org/home/index.html}}
}

@misc{meshlab,
  author       = {{MeshLab Developers}},
  title        = {{MeshLab}},
  howpublished = {\url{https://www.meshlab.net/}}
}
@misc{overpass,
  author       = {{OpenStreetMap Contributors}},
  title        = {{Overpass API}},
  howpublished = {\url{https://wiki.openstreetmap.org/wiki/Overpass_API}}
}

@misc{openstreetmap,
  author       = {{OpenStreetMap Contributors}},
  title        = {{OpenStreetMap}},
  howpublished = {\url{https://www.openstreetmap.org/}}
}

@misc{TIR4sTREEt,
  author       = {{Tania Landes}},
  title        = {{D'où vient le pouvoir rafraîchissant des arbres en ville ?}},
  howpublished = {\url{https://theconversation.com/dou-vient-le-pouvoir-rafraichissant-des-arbres-en-ville-199906}},
  year         = {2023}
}

@misc{img:TreeShade,
  author       = {{Yujin Park, Jean-Michel Guldmann, Desheng Liu}},
  title        = {{Impacts of tree and building shades on the urban heat island: Combining remote sensing, 3D digital city and spatial regression approaches}},
  howpublished = {\url{https://www.sciencedirect.com/science/article/pii/S0198971521000624}},
  year         = {2021}
}

@misc{img:NY,
  author       = {{Christophe Prud'homme}},
  title        = {{New York City mesh}},
  year         = {2023},
  url = {\url{https://github.com/orgs/feelpp/discussions/2188}}
}

@misc{img:aerialview,
  author       = {{Conseil départemental de la Somme}},
  title        = {{Aerial thermal view}},
  year         = {2023},
  url = {\url{https://www.somme.fr/services/appui-aux-collectivites/les-aides-du-departement/fonds-thermographie-aerienne/}}
}

@misc{img:street_thermography,
  author       = {{P. Verchere}},
  title        = {{Thermal image of a street in the city}},
  year         = {2023},
  url = {\url{https://theconversation.com/dou-vient-le-pouvoir-rafraichissant-des-arbres-en-ville-199906}}
}

@misc{youtube_video1,
  author       = {{INSA Strasbourg}},
  title        = {{Climatologie urbaine : suivi des arbres en ville à Strasbourg}},
  year         = {2023},
  howpublished = {\url{https://www.youtube.com/watch?v=IJoj7Knm-uA}}
}
}